@article{gilboa1989nash,
  title={Nash and correlated equilibria: Some complexity considerations},
  author={Gilboa, Itzhak and Zemel, Eitan},
  journal={Games and Economic Behavior},
  volume={1},
  number={1},
  pages={80--93},
  year={1989},
  publisher={Elsevier}
}

@article{sandholm2002complexity,
  title={Complexity Results about Nash Equilibria},
  author={Sandholm, Vincent Conitzer Tuomas},
  year={2002}
}

@article{daskalakis2009complexity,
  title={The complexity of computing a Nash equilibrium},
  author={Daskalakis, Constantinos and Goldberg, Paul W and Papadimitriou, Christos H},
  journal={SIAM Journal on Computing},
  volume={39},
  number={1},
  pages={195--259},
  year={2009},
  publisher={SIAM}
}

@article{10.2307/1969529,
 ISSN = {0003486X},
 URL = {http://www.jstor.org/stable/1969529},
 author = {John Nash},
 journal = {Annals of Mathematics},
 number = {2},
 pages = {286--295},
 publisher = {Annals of Mathematics},
 title = {Non-Cooperative Games},
 volume = {54},
 year = {1951}
}

@article{robertson2009probabilistic,
  title={The probabilistic relevance framework: BM25 and beyond},
  author={Robertson, Stephen and Zaragoza, Hugo and others},
  journal={Foundations and Trends{\textregistered} in Information Retrieval},
  volume={3},
  number={4},
  pages={333--389},
  year={2009},
  publisher={Now Publishers, Inc.}
}

@inproceedings{vorobev2015gathering,
  title = {Gathering additional feedback on search results by multi-armed bandits with respect to production ranking},
  author = {Vorobev, Aleksandr and Lefortier, Damien and Gusev, Gleb and Serdyukov, Pavel},
  booktitle = {WWW},
  pages = {1177--1187},
  year = {2015},
  organization = {International World Wide Web Conferences Steering Committee}
}

@inproceedings{radlinski2008learning,
  title = {Learning diverse rankings with multi-armed bandits},
  author = {Radlinski, Filip and Kleinberg, Robert and Joachims, Thorsten},
  booktitle = {Proceedings of the 25th international conference on Machine learning},
  pages = {784--791},
  year = {2008},
  organization = {ACM}
}

@inproceedings{Grotov:2016:OLR:2911451.2914798,
  author = {Grotov, Artem and de Rijke, Maarten},
  title = {Online Learning to Rank for Information Retrieval: SIGIR 2016 Tutorial},
  booktitle = {Proceedings of the 39th International ACM SIGIR Conference on Research and Development in Information Retrieval},
  series = {SIGIR '16},
  year = {2016},
  isbn = {978-1-4503-4069-4},
  location = {Pisa, Italy},
  pages = {1215--1218},
  numpages = {4},
  url = {http://doi.acm.org/10.1145/2911451.2914798},
  doi = {10.1145/2911451.2914798},
  acmid = {2914798},
  publisher = {ACM},
  address = {New York, NY, USA},
  keywords = {bandit algorithms, exploration vs. exploitation, online learning to rank}
}

@inproceedings{vorobev2015gathering,
  title = {Gathering additional feedback on search results by multi-armed bandits with respect to production ranking},
  author = {Vorobev, Aleksandr and Lefortier, Damien and Gusev, Gleb and Serdyukov, Pavel},
  booktitle = {Proceedings of the 24th international conference on World wide web},
  pages = {1177--1187},
  year = {2015},
  organization = {International World Wide Web Conferences Steering Committee}
}

@inproceedings{radlinski2008learning,
  title = {Learning diverse rankings with multi-armed bandits},
  author = {Radlinski, Filip and Kleinberg, Robert and Joachims, Thorsten},
  booktitle = {Proceedings of the 25th international conference on Machine learning},
  pages = {784--791},
  year = {2008},
  organization = {ACM}
}

@article{moon2012online,
  title = {An online learning framework for refining recency search results with user click feedback},
  author = {Moon, Taesup and Chu, Wei and Li, Lihong and Zheng, Zhaohui and Chang, Yi},
  journal = {ACM Transactions on Information Systems (TOIS)},
  volume = {30},
  number = {4},
  pages = {20},
  year = {2012},
  publisher = {ACM}
}

@article{auer2002finite,
  title = {Finite-time analysis of the multiarmed bandit problem},
  author = {Auer, Peter and Cesa-Bianchi, Nicolo and Fischer, Paul},
  journal = {Machine learning},
  volume = {47},
  number = {2-3},
  pages = {235--256},
  year = {2002},
  publisher = {Springer}
}

@inproceedings{Daskalakis:2010:LAN:1929237.1929248,
  author = {Daskalakis, Constantinos and Frongillo, Rafael and Papadimitriou, Christos H. and Pierrakos, George and Valiant, Gregory},
  title = {On Learning Algorithms for Nash Equilibria},
  booktitle = {Proceedings of the Third International Conference on Algorithmic Game Theory},
  series = {SAGT'10},
  year = {2010},
  isbn = {3-642-16169-3, 978-3-642-16169-8},
  location = {Athens, Greece},
  pages = {114--125},
  numpages = {12},
  url = {http://dl.acm.org/citation.cfm?id=1929237.1929248},
  acmid = {1929248},
  publisher = {Springer-Verlag},
  address = {Berlin, Heidelberg}
}

@inproceedings{DBLP:conf/icde/LiarouI14,
  author = {Erietta Liarou and
               Stratos Idreos},
  title = {dbTouch in action database kernels for touch-based data exploration},
  booktitle = {{IEEE} 30th International Conference on Data Engineering, Chicago,
               {ICDE} 2014, IL, USA, March 31 - April 4, 2014},
  pages = {1262--1265},
  year = {2014},
  crossref = {DBLP:conf/icde/2014},
  url = {https://doi.org/10.1109/ICDE.2014.6816756},
  doi = {10.1109/ICDE.2014.6816756},
  timestamp = {Wed, 17 May 2017 10:55:11 +0200},
  biburl = {http://dblp.org/rec/bib/conf/icde/LiarouI14},
  bibsource = {dblp computer science bibliography, http://dblp.org}
}

@inproceedings{Chen:2009:KSS,
  author = {Chen, Yi and Wang, Wei and Liu, Ziyang and Lin, Xuemin},
  title = {Keyword Search on Structured and Semi-structured Data},
  booktitle = {SIGMOD},
  year = {2009}
}

@inproceedings{Chatzopoulou:2009:QRI:1561638.1561642,
  author = {Chatzopoulou, Gloria and Eirinaki, Magdalini and Polyzotis, Neoklis},
  title = {Query Recommendations for Interactive Database Exploration},
  booktitle = {Proceedings of the 21st International Conference on Scientific and Statistical Database Management},
  series = {SSDBM 2009},
  year = {2009},
  isbn = {978-3-642-02278-4},
  location = {New Orleans, LA, USA},
  pages = {3--18},
  numpages = {16},
  url = {http://dx.doi.org/10.1007/978-3-642-02279-1_2},
  doi = {10.1007/978-3-642-02279-1_2},
  acmid = {1561642},
  publisher = {Springer-Verlag},
  address = {Berlin, Heidelberg}
}

@article{bush1953stochastic,
  title = {A stochastic model with applications to learning},
  author = {Bush, Robert R and Mosteller, Frederick},
  journal = {The Annals of Mathematical Statistics},
  pages = {559--585},
  year = {1953},
  publisher = {JSTOR}
}

@article{cross1973stochastic,
  title = {A stochastic learning model of economic behavior},
  author = {Cross, John G},
  journal = {The Quarterly Journal of Economics},
  volume = {87},
  number = {2},
  pages = {239--266},
  year = {1973},
  publisher = {Oxford University Press}
}

@article{roth1995learning,
  title = {Learning in extensive-form games: Experimental data and simple dynamic models in the intermediate term},
  author = {Roth, Alvin E and Erev, Ido},
  journal = {Games and economic behavior},
  volume = {8},
  number = {1},
  pages = {164--212},
  year = {1995},
  publisher = {Elsevier}
}

@inproceedings{Huang:2012:USU:2207676.2208591,
  author = {Huang, Jeff and White, Ryen and Buscher, Georg},
  title = {User See, User Point: Gaze and Cursor Alignment in Web Search},
  booktitle = {CHI},
  year = {2012}
}

@inproceedings{Granka:2004:EAU:1008992.1009079,
  author = {Granka, Laura A. and Joachims, Thorsten and Gay, Geri},
  title = {Eye-tracking Analysis of User Behavior in WWW Search},
  booktitle = {SIGIR},
  year = {2004}
}

@article{Yue:2012:KDB:2240304.2240501,
  author = {Yue, Yisong and Broder, Josef and Kleinberg, Robert and Joachims, Thorsten},
  title = {The K-armed Dueling Bandits Problem},
  journal = {J. Comput. Syst. Sci.},
  volume = {78},
  number = {5},
  year = {2012}
}

@article{cen2013reinforcement,
  title = {Reinforcement Learning in Information Searching.},
  author = {Cen, Yonghua and Gan, Liren and Bai, Chen},
  journal = {Information Research: An International Electronic Journal},
  volume = {18},
  number = {1},
  year = {2013},
  publisher = {ERIC}
}

@inproceedings{Idreos:SIGMOD:2015,
  author = {Stratos Idreos and Olga Papaemmanouil and Surajit	Chaudhuri},
  title = {Overview of Data Exploration Techniques },
  booktitle = {SIGMOD},
  year = {2015}
}

@article{Chaudhuri:2006:PIR:1166074.1166085,
  author = {Chaudhuri, Surajit and Das, Gautam and Hristidis, Vagelis and Weikum, Gerhard},
  title = {Probabilistic Information Retrieval Approach for Ranking of Database Query Results},
  journal = {TODS},
  volume = {31},
  number = {3},
  year = {2006}
}

@article{Cho:QuarterlyJournalEconomics:1987,
  author = {I. Cho and D. Kreps},
  title = {Signaling games and stable equilibria},
  journal = {Quarterly Journal of Economics},
  year = {1987},
  volume = {102}
}

@inproceedings{Usable:Jagadish,
  author = {H. V. Jagadish and Adriane Chapman and Aaron Elkiss and Magesh Jayapandian and Yunyao Li and Arnab Nandi and Cong Yu},
  title = {Making Database Systems Usable},
  booktitle = {{SIGMOD}},
  year = 2007
}

@book{IRBook,
  author = {Christopher Manning and Prabhakar Raghavan and Hinrich Schutze},
  title = {{An Introduction to Information Retrieval}},
  publisher = {{Cambridge University Press}},
  year = {2008}
}

@inproceedings{IRStyle,
  author = {Vagelis Hristidis and Luis Gravano and Yannis Papakonstantinou},
  title = {{Efficient IR-Style Keyword Search over Relational Databases}},
  booktitle = {VLDB 2003}
}

@article{hu2011reinforcement,
  title = {Reinforcement learning in signaling game},
  author = {Hu, Yilei and Skyrms, Brian and Tarr{\`e}s, Pierre},
  journal = {arXiv preprint arXiv:1103.5818},
  year = {2011}
}

